@book{FEMWiki,
	author =    "Wikipedia",
	title =        "Finite element method",
	year =         "Visited May 20th 2021",
	address   = "Department of Electrical Engineering and Computer Sciences, University of California at Berkeley, Berkeley, CA 94720"
}