@book{MIA,
	author =    "A.P. Dhawan",
	title =        "Medical Image Analysis, 2nd edition",
	year =         "2011",
	publisher   = "John Wiley \& Sons"
}
@book{MIS,
	author =    "A. Maier, et al.",
	title =        "Medical Imaging Systems",
	year =         "2018",
	publisher   = "Springer Open"
}