@book{Shewchuk,
	author =    "Shewchuk, J.",
	title =        "What Is a Good Linear Finite Element? Interpolation, Conditioning, Anisotropy, and Quality Measures",
	year =         "2002",
	address   = "Department of Electrical Engineering and Computer Sciences, University of California at Berkeley, Berkeley, CA 94720"
}