@book{wiki,
	author =    "Wikipedia",
	title =        "Electric potential",
	year =         "4/5/2021",
	address   = "https://en.wikipedia.org/wiki/Electric\_potential"
}